@misc{Pedersen:thesis,
	author = "Pedersen, Keith",
	title = "Expanding the {HEP} frontier with boosted $b$-tags and the {QCD} power spectrum",
	howpublished = "\href{https://www.hepguy.com/s/PedersenKeith_DoctoralThesis_Final.pdf}{Doctoral thesis}, 
		Illinois Institute of Technology",
	year = "2018"
}

@misc{Pedersen:iitthesis,
	author = "Pedersen, Keith",
	title = "iitthesis",
	howpublished = "\url{https://github.com/keith-pedersen/iitthesis}"
}
